<?xml version="1.0" encoding="UTF-8"?><collection xmlns="http://www.loc.gov/MARC21/slim"><record><leader>00564nam--2200145-i-4500</leader><controlfield tag="001">000015463</controlfield><controlfield tag="002">20161230</controlfield><controlfield tag="005">20170210125739</controlfield><controlfield tag="008">060222s1000------------r-----000-0-eng-d</controlfield><datafield ind1=" " ind2=" " tag="245"><subfield code="a">Physique moleculaire physique de l atmoshere comptes rendus de l ecole d hiver application s de la physique moleculaire a l atomosphere et l environnment , Montfoulon, 1-10 december</subfield></datafield><datafield ind1=" " ind2=" " tag="260"><subfield code="a">Paris</subfield><subfield code="b">Editions Du Centre National De La Reche Che Scientifique</subfield><subfield code="c">1982</subfield></datafield><datafield ind1=" " ind2=" " tag="300"><subfield code="a">501 p</subfield></datafield><datafield ind1=" " ind2=" " tag="700"><subfield code="a">Camy-Peyret, C</subfield></datafield><datafield ind1=" " ind2=" " tag="852"><subfield code="a">539.143.23.4:852(061.3)</subfield></datafield><datafield ind1=" " ind2=" " tag="CAT"><subfield code="a">SYS</subfield><subfield code="c">20170210</subfield><subfield code="h">125739</subfield></datafield></record></collection>